@article{PIC,
    author = "Frank Lin, William W. Cohen",
    title = "Power Iteration Clustering",
    year = "2010",
    url="http://www.cs.cmu.edu/~frank/papers/icml2010-pic-final.pdf"
}

@article{Dunkin,
    author = "Collin Smith",
    title = "Dunkin' Locations",
    year = "2022",
    url = "https://www.kaggle.com/datasets/appleturnovers/dunkin-locations"
}

@article{SyntheticData,
    author = "Edgar Lopez-Rojas",
    title = "Synthetic data from a financial payment system",
    year = "2017",
    url = "https://www.kaggle.com/datasets/ealaxi/banksim1"
}

@article{aupetit2009nearly,
  title={Nearly homogeneous multi-partitioning with a deterministic generator},
  author={Aupetit, Micha{\"e}l},
  journal={Neurocomputing},
  volume={72},
  number={7-9},
  pages={1379--1389},
  year={2009},
  publisher={Elsevier},
  url = {https://www.sciencedirect.com/science/article/pii/S0925231209000046}
}

@inproceedings{klawonn2006equi,
  title={Equi-sized, homogeneous partitioning},
  author={Klawonn, Frank and H{\"o}ppner, Frank},
  booktitle={International Conference on Knowledge-Based and Intelligent Information and Engineering Systems},
  pages={70--77},
  year={2006},
  organization={Springer},
  url = {https://link.springer.com/chapter/10.1007/11893004_9}
}

@article{dean2004mapreduce,
  title={MapReduce: Simplified data processing on large clusters},
  author={Dean, Jeffrey and Ghemawat, Sanjay},
  year={2004},
  url = {https://static.googleusercontent.com/media/research.google.com/en//archive/mapreduce-osdi04.pdf}
}

